@online{implementacion,
    author = "Maria Fernanda Tasco Alquichire",
    title = "Implementaci√≥n parcial1 Info2 2022-2",
    url  = "\url{ https://www.tinkercad.com/things/dPCnfQCz2UH  }",
    addendum = "2022",
    keywords = "74hc595,arduino,ejemplo"
}