@online{EDEGE,
    author = "Gema Aguado",
    title = "4 pasos para resolver problemas",
    url  = "https://edege.info/2014/07/28/4-pasos-para-resolver-problemas/",
    keywords = "latex,knuth"
}