
@online{SeñalReloj,
    author = "ALEGSA",
    title = "Definición de Señal de reloj",
    url  = "https://www.alegsa.com.ar/Dic/señal de reloj.php",
    addendum = "ALEGSA © 2018-05-31",
    keywords = "señal,reloj"
}

@online{Señalreloj7400,
    author = "Electronica unicrom",
    title = "generador de señal de reloj con 7400",
    url  = "https://unicrom.com/generador-de-senal-de-reloj-con-7400/",
    addendum = "ALEGSA © 2022-02-13",
    keywords = "señal,reloj,generador"
}

